@book{krantz1982function,
  title={Function theory of several complex variables},
  author={Krantz, S.G.},
  lccn={81010447},
  series={Pure and applied mathematics},
  url={https://books.google.co.jp/books?id=7z7vAAAAMAAJ},
  year={1982},
  publisher={Wiley}
}
