@article{forrester2008importance,
  title={The importance of the Selberg integral},
  author={Forrester, Peter and Warnaar, SVEN},
  journal={Bulletin of the American Mathematical Society},
  volume={45},
  number={4},
  pages={489--534},
  note={\textbf{ I've read this paper completely}},
  year={2008}
}
@article{warnaar2008bisymmetric,
	  title={Bisymmetric functions, Macdonald polynomials and $\mathfrak{sl}_3$ basic hypergeometric series},
	    author={Warnaar, S Ole},
	      journal={Compositio Mathematica},
	        volume={144},
		  number={02},
		    pages={271--303},
		      year={2008},
		        publisher={Cambridge Univ Press}
	  ,note={\textbf{I've looked through this paper. Seems to be the $q$-generalization of Tarasov-Varchenko}}
}
@article{dotsenko1985four,
  title={Four-point correlation functions and the operator algebra in 2D conformal invariant theories with central charge $c\leq 1$},
  author={Dotsenko, Vl S and Fateev, Vladimir A},
  journal={Nuclear Physics B},
  volume={251},
  pages={691--734},
  year={1985},
  publisher={Elsevier}
}
@article{warnaar2008mukhin,
	  title={The Mukhin--Varchenko conjecture for type A},
	    author={Warnaar, S Ole},
	      journal={DMTCS Proceedings},
	        number={1},
		  year={2008}
	  ,note={\textbf{Looked through this paper. Seems to be the shortened version of [War09] }}
}

@article{warnaar2009selberg,
  title={A Selberg integral for the Lie algebra ${A}_n$},
  author={Warnaar, S Ole},
  journal={Acta mathematica},
  volume={203},
  number={2},
  pages={269--304},
  year={2009},
  publisher={Springer}
  ,note={Looked through this paper. Generalization of Tarasov-Varchenko to higher $n$.}
}
@article{tarasov2003selberg,
	  title={Selberg-type integrals associated with sl 3},
	    author={Tarasov, V and Varchenko, Alexander},
	      journal={Letters in Mathematical Physics},
	        volume={65},
		  number={3},
		    pages={173--185},
		      year={2003},
		        publisher={Springer}
}
@article{warnaar2010sl3,
	  title={The sl3 Selberg integral},
	    author={Warnaar, S Ole},
	      journal={Advances in Mathematics},
	        volume={224},
		  number={2},
		    pages={499--524},
		      year={2010},
		        publisher={Elsevier}
}
@article{iguri2009selberg,
	  title={On a Selberg--Schur Integral},
	    author={Iguri, Sergio Manuel},
	      journal={Letters in Mathematical Physics},
	        volume={89},
		  number={2},
		    pages={141--158},
		      year={2009},
		        publisher={Springer}
	  ,note={\textbf{I've looked through this paper: it is a generalization of Selberg integral, where integral expression is multiplied by Schur polynomial. Seems to be irrelevant to the current task}}
}
