@article{Moan:2008:CMS:1391929.1391932,
 author = {Moan, Per Christian and Niesen, Jitse},
 title = {Convergence of the Magnus Series},
 journal = {Found. Comput. Math.},
 issue_date = {June 2008},
 volume = {8},
 number = {3},
 month = jun,
 year = {2008},
 issn = {1615-3375},
 pages = {291--301},
 numpages = {11},
 url = {http://dx.doi.org/10.1007/s10208-007-9010-0},
 doi = {10.1007/s10208-007-9010-0},
 acmid = {1391932},
 publisher = {Springer-Verlag New York, Inc.},
 address = {Secaucus, NJ, USA},
 keywords = {34A30, 65L99},
}
@book{coppel1978dichotomies,
  title={Dichotomies in stability theory},
  author={Coppel, W.A.},
  isbn={9783540085362},
  lccn={77027858},
  series={Lecture notes in mathematics},
  url={http://books.google.com.ua/books?id=K8QZAQAAIAAJ},
  year={1978},
  publisher={Springer}
}
@book{teschlordinary,
  title={Ordinary Differential Equations and Dynamical Systems},
  author={Teschl, G.},
  isbn={9780821891056},
  series={Graduate studies in mathematics},
  url={http://www.mat.univie.ac.at/~gerald/ftp/book-ode/ode.pdf},
  publisher={American Mathematical Soc.}
}
