/Users/nailbiter/for/fortexmacs/todai_master.bib