@article{braverman1998minimal,
	  title={The minimal realization from deformation theory},
	    author={Braverman, Alexander and Joseph, Anthony},
	      journal={Journal of Algebra},
	        volume={205},
		  number={1},
		    pages={13--36},
		      year={1998},
		        publisher={Elsevier}
}
@book{lang2012sl2,
	  title={Sl2 (r)},
	    author={Lang, Serge},
	      volume={105},
	        year={2012},
		  publisher={Springer Science \& Business Media}
}
@book{vogan1987unitary,
	  title={Unitary representations of reductive Lie groups},
	    author={Vogan, David A},
	      number={118},
	        year={1987},
		  publisher={Princeton University Press}
}
@article{vogan1981representations,
	  title={Representations of real reductive Lie groups},
	    author={Vogan Jr, David A},
	      journal={Progress in Math.},
	        volume={15},
		  year={1981},
		    publisher={Birkhauser}
}
@article{kobayashi2017symmetry,
	  title={Symmetry breaking for orthogonal groups and a conjecture by {B}. {G}ross and {D}. {P}rasad},
	    author={Kobayashi, Toshiyuki and Speh, Birgit},
	      journal={arXiv preprint arXiv:1702.00263},
	        year={2017}
}
