/Users/nailbiter/for/forlatex/talks/todai_master.bib