/Users/nailbiter/for/forlatex/fouryearseminar/bibliography.bib