@article{Selberg:411367,
      author        = "Selberg, A",
      title         = "{Remarks on a multiple integral}",
      journal       = "Norsk Mat. Tidsskr.",
      volume        = "26",
      pages         = "71-78",
      year          = "1944",
      url           = "http://cds.cern.ch/record/411367",
}
@article{mackenzie2003hermite,
  title={Hermite neural network correlation and application},
  author={Mackenzie, Mark R and Tieu, A Kiet},
  journal={IEEE transactions on signal processing},
  volume={51},
  number={12},
  pages={3210--3219},
  year={2003},
  publisher={IEEE}
}
@book{andrews2000special,
  title={Special functions},
  author={Andrews, George E and Askey, Richard and Roy, Ranjan},
  year={2000},
  publisher={清华大学出版社有限公司}
}
@book{andrews1999special,
  title={Special {F}unctions},
  series={{\normalfont {E}ncyclopedia of {M}athematics and its {A}pplications}},
  volume={\textbf{71}},
  author={Andrews, George E and Askey, Richard and Roy, Ranjan},
  year={1999},
  publisher={Cambridge University Press, Cambridge}
}
@article{forrester2008importance,
  title={The importance of the Selberg integral},
  author={Forrester, Peter and Warnaar, SVEN},
  journal={Bulletin of the American Mathematical Society},
  volume={45},
  number={4},
  pages={489--534},
  note={\textbf{ I've read this paper completely}},
  year={2008}
}
@article{warnaar2008bisymmetric,
	  title={Bisymmetric functions, Macdonald polynomials and $\mathfrak{sl}_3$ basic hypergeometric series},
	    author={Warnaar, S Ole},
	      journal={Compositio Mathematica},
	        volume={144},
		  number={02},
		    pages={271--303},
		      year={2008},
		        publisher={Cambridge Univ Press}
	  ,note={\textbf{I've looked through this paper. Seems to be the $q$-generalization of Tarasov-Varchenko}}
}
@article{dotsenko1985four,
  title={Four-point correlation functions and the operator algebra in 2D conformal invariant theories with central charge $c\leq 1$},
  author={Dotsenko, Vl S and Fateev, Vladimir A},
  journal={Nuclear Physics B},
  volume={251},
  pages={691--734},
  year={1985},
  publisher={Elsevier}
}
@article{warnaar2008mukhin,
	  title={The Mukhin--Varchenko conjecture for type A},
	    author={Warnaar, S Ole},
	      journal={DMTCS Proceedings},
	        number={1},
		  year={2008}
	  ,note={\textbf{Looked through this paper. Seems to be the shortened version of [War09] }}
}

@article{warnaar2009selberg,
  title={A Selberg integral for the Lie algebra ${A}_n$},
  author={Warnaar, S Ole},
  journal={Acta mathematica},
  volume={203},
  number={2},
  pages={269--304},
  year={2009},
  publisher={Springer}
  ,note={Looked through this paper. Generalization of Tarasov-Varchenko to higher $n$.}
}
@article{tarasov2003selberg,
	  title={Selberg-type integrals associated with $\mathfrak{sl}_3$},
	    author={Tarasov, V and Varchenko, Alexander},
	      journal={Letters in Mathematical Physics},
	        volume={65},
		  number={3},
		    pages={173--185},
		      year={2003},
		        publisher={Springer}
}
@article{warnaar2010sl3,
	  title={The $\mathfrak{sl}_3$ {S}elberg integral},
	    author={Warnaar, S Ole},
	      journal={Advances in Mathematics},
	        volume={224},
		  number={2},
		    pages={499--524},
		      year={2010},
		        publisher={Elsevier}
}
@article{iguri2009selberg,
	  title={On a Selberg--Schur Integral},
	    author={Iguri, Sergio Manuel},
	      journal={Letters in Mathematical Physics},
	        volume={89},
		  number={2},
		    pages={141--158},
		      year={2009},
		        publisher={Springer}
	  ,note={\textbf{I've looked through this paper: it is a generalization of Selberg integral, where integral expression is multiplied by Schur polynomial. Seems to be irrelevant to the current task}}
}
@misc{NIST:DLMF,
key = "{\relax DLMF}",
title = "{NIST Digital Library of Mathematical Functions}",
howpublished = "http://dlmf.nist.gov/, Release 1.0.10 of 2015-08-07",
url = "http://dlmf.nist.gov/"}
@misc{gegenbauer,
    author   = {Weisstein, Eric W.},
    title    = {Gegenbauer Polynomial. {From MathWorld---A Wolfram Web Resource}},
    url      = {\url{http://mathworld.wolfram.com/GegenbauerPolynomial.html}},
    note     = {Last visited on 1/7/2016},
}
@book{gradshteinryzhik,
title={Table of Integrals, Series, and Products, Sixth edition},
author={{Gradshte{\u\i}}n, I.S. and Ryzhik, I.M. and Jeffrey, A.},
isbn={9780122947575},
lccn={00104373},
year={2000},
publisher={Academic Press, New York},
}
