@book{grauert2012several,
  title={Several complex variables},
  author={Grauert, Hans and Fritzsche, Klaus},
  volume={38},
  year={2012},
  publisher={Springer Science \& Business Media}
}
@book{wallach1988real,
  title={Real Reductive Groups I},
  author={Wallach, N.},
  volume={132},
  series={Pure and Applied Mathematics},
  year={1988},
  publisher={Academic press}
}
@book{knapp2013lie,
  title={Lie groups beyond an introduction},
  author={Knapp, Anthony W},
  volume={140},
  year={2013},
  publisher={Birkh{\"a}user Basel}
}
