/home/nailbiter/for/forlatex/todai_master.bib