%% LaTeX2e file `bibliography.bib'
%% generated by the `filecontents' environment
%% from source `report_hypergeom' on 2017/05/08.
%%
@article{teukolsky1992numerical,
 title={Numerical recipes in {C}},
author={Teukolsky, Saul A and Flannery, Brian P and Press, WH and Vetterling, WT},
journal={SMR},
volume={693},
pages={1},
year={1992}
}
