@book{kobayashi1999lie,
  title={Lie groups and representations},
  author={Kobayashi, T and Oshima, T},
  note={In {J}apanese},
  year={2005},
  publisher={Iwanami}
}
@article{vogan1981representations,
  title={Representations of real reductive {L}ie groups},
  author={Vogan Jr, David A},
  journal={Progress in Math.},
  volume={15},
  year={1981},
  publisher={Birkhauser}
}
@book{lang2012sl2,
  title={{S}{L}_2({R})},
  author={Lang, Serge},
  volume={105},
  year={2012},
  publisher={Springer Science \& Business Media}
}
@book{borel2013continuous,
  title={Continuous cohomology, discrete subgroups, and representations of reductive groups},
  author={Borel, Armand and Wallach, Nolan R},
  volume={67},
  year={2013},
  publisher={American Mathematical Soc.}
}
@book{howe2012non,
  title={Non-Abelian Harmonic Analysis: Applications of SL (2,R)},
  author={Howe, Roger E and Tan, Eng Chye},
  year={2012},
  publisher={Springer Science \& Business Media}
}
@book{wallach1988real,

  title={Real Reductive Groups I},

  author={Wallach, N.},

  volume={132},

  series={Pure and Applied Mathematics},

  year={1988},

  publisher="Academic {P}ress"

}
@book{knapp2016representation,
  title={Representation Theory of Semisimple Groups: An Overview Based on Examples (PMS-36)},
  author={Knapp, Anthony W},
  year={2016},
  publisher={Princeton university press}
}
@book{wallach1988real2,
  title={Real Reductive Groups II},
  author={Wallach, N.},
  volume={\textbf{132}},
  series={{\normalfont Pure and Applied Mathematics}},
  year={1992},
  publisher="Academic {P}ress",
  pages={xiv+454},
  ISBN={978-0127329611}
}
