@article{kobayashi2017symmetry,
	  title={Symmetry breaking for orthogonal groups and a conjecture by {B}. {G}ross and {D}. {P}rasad},
	    author={Kobayashi, Toshiyuki and Speh, Birgit},
	      journal={arXiv preprint arXiv:1702.00263},
	        year={2017}
}
@unpublished{speh14symmetry,
	  title={Symmetry breaking and the {G}ross {P}rasad conjectures for orthogonal groups},
	    author={Speh, Birgit},
	    year={2014},
	    note={Available at \url{
https://simonsfoundation.s3.amazonaws.com/share/mps/symposia/automorphic_forms_and_trace_formula/Families_of_Automorphic_Forms_and_the_Trace_Formula_-_Presentation_Slides_-_Speh.pdf}},
}
@book{kobayashi2015symmetry,
	  title={Symmetry breaking for representations of rank one orthogonal groups},
	    author={Kobayashi, Toshiyuki and Speh, Birgit},
	      volume={238},
		  year={2015},
		    publisher={American Mathematical Society}
}
@book{kobayashi2016conformal,
	  title={Conformal symmetry breaking operators for differential forms on spheres},
	    author={Kobayashi, Toshiyuki and Kubo, Toshihisa and Pevzner, Michael},
	      volume={2170},
	        year={2016},
		  publisher={Springer}
}
