/Users/nailbiter/for/forlatex/talks/intdep.bib