@book{bergeron2016spectrum,
  title={The spectrum of hyperbolic surfaces},
  author={Bergeron, Nicolas},
  year={2016},
  publisher={Springer}
}
