@article{mackenzie2003hermite,
  title={Hermite neural network correlation and application},
  author={Mackenzie, Mark R and Tieu, A Kiet},
  journal={IEEE transactions on signal processing},
  volume={51},
  number={12},
  pages={3210--3219},
  year={2003},
  publisher={IEEE}
}
@article{yang1996orthogonal,
  title={An orthogonal neural network for function approximation},
  author={Yang, Shiow-Shung and Tseng, Ching-Shiow},
  journal={IEEE Transactions on Systems, Man, and Cybernetics, Part B (Cybernetics)},
  volume={26},
  number={5},
  pages={779--785},
  year={1996},
  publisher={IEEE}
}
@inproceedings{osowski1992neural,
	  title={Neural network for estimation of harmonic components in a power system},
	    author={Osowski, S},
	      booktitle={IEE Proceedings C (Generation, Transmission and Distribution)},
	        volume={139},
		  number={2},
		    pages={129--135},
		      year={1992},
		        organization={IET}
}
@book{cochocki1993neural,
	  title={Neural networks for optimization and signal processing},
	    author={Cochocki, A and Unbehauen, Rolf},
	      year={1993},
	        publisher={John Wiley \& Sons, Inc.}
}

